@inproceedings{sep-logic,
  author = {John C. Reynolds},
  title     = {Separation Logic: A Logic for Shared Mutable Data Structures},
  year      = {2002},
  pages     = {55-74},
  booktitle = {Logic in Computer Science (LICS 2002)},
  location  = {Copenhagen, Denmark},
  publisher = {IEEE Computer Society},
  isbn      = {0-7695-1483-9}
}

@article{jml,
  title={{JML: a Java modeling language}},
  author={Leavens, G.T. and Baker, A.L. and Ruby, C.},
  journal={Formal Underpinnings of Java Workshop (at OOPSLA'98)},
  year={1998}
}



@article{boogie,
  title={{The Spec\# Programming System: An Overview}},
  author={Barnett, M. and Leino, K.R.M. and Schulte, W.},
  journal={Proceedings CASSIS 2004},
  year={2005},
  publisher={Springer}
}

@article{iterators-revisited,
  title={{Iterators revisited: Proof rules and implementation}},
  author={Jacobs, B. and Meijer, E. and Piessens, F. and Schulte, W.},
  journal={Proceedings FTfJP},
  year={2005}
}

@article{friends,
  title={{Friends Need a Bit More: Maintaining Invariants Over Shared State}},
  author={Barnett, M. and Naumann, D.A.},
  journal={Mathematics of Program Construction (MPC)},
  year={2004},
  publisher={Springer}
}

@article{parkinson-so,
  title={{Class invariants: The end of the road}},
  author={Parkinson, M.},
  journal={Proceedings IWACO},
  year={2007}
}
	


@inproceedings{gc-proof,
 author = {Lars Birkedal and Noah Torp-Smith and John C. Reynolds},
 title = {Local reasoning about a copying garbage collector},
 booktitle = {POPL '04: Proceedings of the 31st ACM SIGPLAN-SIGACT Symposium on Principles of Programming Languages},
 year = {2004},
 isbn = {1-58113-729-X},
 pages = {220--231},
 location = {Venice, Italy},
 doi = {http://doi.acm.org/10.1145/964001.964020},
 publisher = {ACM},
 address = {New York, NY, USA},
}

@article{pfenning-davies,
 author = {Frank Pfenning and Rowan Davies},
 title = {A judgmental reconstruction of modal logic},
 journal = {Mathematical Structures in Computer Science},
 volume = {11},
 number = {4},
 year = {2001},
 issn = {0960-1295},
 pages = {511--540},
 doi = {http://dx.doi.org/10.1017/S0960129501003322},
 publisher = {Cambridge University Press},
 address = {New York, NY, USA},
}

@article{moggi-monads,
 author = {Eugenio Moggi},
 title = {Notions of computation and monads},
 journal = {Information and Compututation},
 volume = {93},
 number = {1},
 year = {1991},
 issn = {0890-5401},
 pages = {55--92},
 doi = {http://dx.doi.org/10.1016/0890-5401(91)90052-4},
 publisher = {Academic Press, Inc.},
 address = {Duluth, MN, USA},
 }

@TECHREPORT{tech-report,
  author = {Neelakantan R. Krishnaswami},
  title = {The Semantics of Higher-Order Separation Logic for a Higher-Order Language},
  institution = {Carnegie Mellon University},
  year = {2008},
}

@article{hosl,
 author = {Bodil Biering and Lars Birkedal and Noah Torp-Smith},
 title = {{BI}-hyperdoctrines, higher-order separation logic, and abstraction},
 journal = {ACM TOPLAS},
 volume = {29},
 number = {5},
 year = {2007},
 issn = {0164-0925},
 pages = {24},
 doi = {http://doi.acm.org/10.1145/1275497.1275499},
 publisher = {ACM},
 address = {New York, NY, USA},
}

@inproceedings{sep-inf,
 author = {Peter W. O'Hearn and Hongseok Yang and John C. Reynolds},
 title = {Separation and information hiding},
 booktitle = {POPL '04: Proceedings of the 31st ACM SIGPLAN-SIGACT Symposium on Principles of Programming Languages},
 year = {2004},
 isbn = {1-58113-729-X},
 pages = {268--280},
 location = {Venice, Italy},
 doi = {http://doi.acm.org/10.1145/964001.964024},
 publisher = {ACM},
 address = {New York, NY, USA},
}

@article{parkinson-bierman-05,
 author = {Matthew Parkinson and Gavin Bierman},
 title = {Separation logic and abstraction},
 journal = {SIGPLAN Not.},
 volume = {40},
 number = {1},
 year = {2005},
 issn = {0362-1340},
 pages = {247--258},
 doi = {http://doi.acm.org/10.1145/1047659.1040326},
 publisher = {ACM},
 address = {New York, NY, USA},
}

@misc{itertools,
  title = {Python Library Refernce, Release 2.5.2},
  author = {Guido van Rossum},
  howpublished = {{\texttt{<http://docs.python.org/lib/lib.html>}}},
  year = {2008}
}

@misc{google-coll,
  title = {Google Collections Library, v. 0.5},
  author = {Kevin Bourrillion and others},
  howpublished = {{\texttt{<http://code.google.com/p/google-collections/>}}},
  year = {2008},
}

@incollection{liskov-wing,
 author = {Barbara H. Liskov and Jeannette M. Wing},
 title = {Behavioural subtyping using invariants and constraints},
 booktitle = {Formal Methods for Distributed Processing: a Survey of Object-Oriented Approaches},
 year = {2001},
 isbn = {0-521-77184-6},
 pages = {254--280},
 publisher = {Cambridge University Press},
 address = {New York, NY, USA},
}

@inproceedings{ShanerLN07,
  author    = {Steve M. Shaner and
               Gary T. Leavens and
               David A. Naumann},
  title     = {Modular verification of higher-order methods with mandatory
               calls specified by model programs},
  booktitle = {OOPSLA},
  year      = {2007},
  pages     = {351-368},
  ee        = {http://doi.acm.org/10.1145/1297027.1297053},
  crossref  = {DBLP:conf/oopsla/2007},
  bibsource = {DBLP, http://dblp.uni-trier.de}
}

@inproceedings{jstar-parkinson-distefano,
  author = {Matthew Parkinson and Dino Distefano},
  title = {jStar: Towards Practical Verification for Java},
  booktitle = {OOPSLA},
  year = {2008, to appear.}, 
}

@proceedings{DBLP:conf/oopsla/2007,
  editor    = {Richard P. Gabriel and
               David F. Bacon and
               Cristina Videira Lopes and
               Guy L. Steele Jr.},
  title     = {Proceedings of the 22nd Annual ACM SIGPLAN Conference on
               Object-Oriented Programming, Systems, Languages, and Applications,
               OOPSLA 2007, October 21-25, 2007, Montreal, Quebec, Canada},
  booktitle = {OOPSLA},
  publisher = {ACM},
  year      = {2007},
  isbn      = {978-1-59593-786-5},
  bibsource = {DBLP, http://dblp.uni-trier.de}
}


@inproceedings{boogie-sub-obs,
  author = {K. Rustan M. Leino and Wolfram Schulte},
  title  = {Using History Invariants to Verify Observers},
  booktitle = {European Symposium on Programming (ESOP)},
  year     = {2007},
  isbn     = {978-3-540-71314-2},
  pages    = {80--94},
  location = {Braga, Portugal},
  doi      = {http://dx.doi.org/10.1007/978-3-540-71316-6_7},
  publisher = {Springer},
  bibsource = {DBLP, http://dblp.uni-trier.de}
}

@article{idioms,
  author = {Conor McBride and Ross Paterson},
  title = {Applicative Programming with Effects},
  journal = {Journal of Functional Programming},
  volume = {18},
  number = {1},
  year   = {2008},
  pages  = {1--13},
  publisher = {Cambridge University Press},
  issn = {0956-7968},
  address = {New York, NY, USA}
}

@article{rely-guarantee,
  author = {Qiwen Xu and Willem-Paul de Roever and Jifeng He},
  title = {The Rely-Guarantee Method for Verifying Shared Variable Concurrent Programs},
  journal   = {Formal Aspects of Computing},
  volume    = {9},
  number    = {2},
  year      = {1997},
  pages     = {149-174},
  publisher = {Springer},
  address   = {London, UK},
  issn      = {0934-5043},
}

@inproceedings{parkinson-rely-g,
  author = {Viktor Vafeiadis and Matthew Parkinson},
  title  = {A Marriage of Rely/Guarantee and Separation Logic},
  year   = {2007},
  pages  = {256-271},
  booktitle = {CONCUR '07: 18th International Conference on Concurrency Theory,
               ONCUR 2007, Lisbon, Portugal, September 3-8, 2007, Proceedings},
  location = {Lisbon, Portugal},
  publisher = {Springer},
  series    = {Lecture Notes in Computer Science},
  isbn      = {978-3-540-74406-1},
}

@book{gof,
  title={{Design patterns: elements of reusable object-oriented software}},
  author={Gamma, E. and Helm, R. and Johnson, R. and Vlissides, J.},
  year={1995},
  publisher={Addison-Wesley Longman Publishing Co., Inc. Boston, MA, USA}
}

@inproceedings{iterator,
 author = {Neelakantan R. Krishnaswami},
 title = {Reasoning about iterators with separation logic},
 booktitle = {SAVCBS '06},
 year = {2006},
 isbn = {1-59593-586-X},
 pages = {83--86},
 location = {Portland, Oregon},
 doi = {http://doi.acm.org/10.1145/1181195.1181213},
 publisher = {ACM},
 address = {New York, NY, USA},
}

@MastersThesis{C5,
  title={{An extended library of collection classes for .NET}},
  author={Kokholm, N.J.},
  school={IT University of Copenhagen},
  address = {Copenhagen, Denmark},
  year = {2004}
}



@article{creational-invariants,
  title={{Creational Invariants}},
  author={Pierik, C. and Clarke, D. and de Boer, F.S.},
  journal={Proceedings FTfJP},
  year = {2004}
}


@inproceedings{kab-subject-observer,
  author = {Neelakantan R. Krishnaswami and Lars Birkedal and Jonathan Aldrich},
  title = {Modular Verification of the Subject-Observer Pattern via Higher-Order Separation Logic},
  booktitle = {Proceedings FTfJP},
  year = {2007},
  location = {Berlin, Germany},
}

@book{java,
  title={The Java Language Specification},
  author={James Gosling and Bill Joy and Guy L. Steele},
  year={2000},
  isbn = {0201634511},
  publisher={Addison-Wesley Professional}
}

@inproceedings{fractional-permissions,
  author =      {John Boyland},
  title =       {Checking Interference with Fractional Permissions},
  booktitle =   {Static Analysis: 10th International Symposium},
  editor =      {R. Cousot},
  year =        {2003},
  series =      {Lecture Notes in Computer Science},
  publisher =   {Springer},
  address =     {Berlin, Heidelberg, New York},
  volume =      {2694},
  pages =       {55-72}
}


@inproceedings{courtney-fruit,
  author    = {Antony Courtney},
  title     = {Functionally Modeled User Interfaces},
  booktitle = {DSV-IS},
  year      = {2003},
  pages     = {107-123},
  ee        = {http://springerlink.metapress.com/openurl.asp?genre=article{\&}issn=0302-9743{\&}volume=2844{\&}spage=107},
  crossref  = {DBLP:conf/dsvis/2003},
  bibsource = {DBLP, http://dblp.uni-trier.de}
}

@proceedings{DBLP:conf/dsvis/2003,
  editor    = {Joaquim A. Jorge and
               Nuno Jardim Nunes and
               Jo{\~a}o Falc{\~a}o e Cunha},
  title     = {Interactive Systems. Design, Specification, and Verification,
               10th International Workshop, DSV-IS 2003, Funchal, Madeira
               Island, Portugal, June 11-13, 2003, Revised Papers},
  booktitle = {DSV-IS},
  publisher = {Springer},
  series    = {Lecture Notes in Computer Science},
  volume    = {2844},
  year      = {2003},
  isbn      = {3-540-20159-9},
  bibsource = {DBLP, http://dblp.uni-trier.de}
}

@article{fitch,
  title={{Natural deduction rules for obligation}},
  author={F.B. Fitch},
  journal={American Philosophical Quarterly},
  volume={3},
  pages={27--38},
  year={1966}
}


@inproceedings{sep-logic-algol,
   author= {Lars Birkedal and Noah Torp-Smith and Hongseok Yang},
   title = {Semantics of Separation-logic Typing and Higher-order Frame Rules},
   booktitle= {Proceedings of the 20th Annual IEEE Symposium on Logic in Computer Science},
   year  = {2005},
   type  = {academic},
   pages = {260-269},
   month = {June},
}


@inproceedings{spec-logic,
 author = {John C. Reynolds},
 title = {An Introduction to Specification Logic},
 booktitle = {Proceedings of the Carnegie Mellon Workshop on Logic of Programs},
 year = {1984},
 isbn = {3-540-12896-4},
 pages = {442},
 publisher = {Springer-Verlag},
 address = {London, UK},
}

@phdthesis{parkinson-thesis,
  author = {Matthew Parkinson},
  title = {Local Reasoning for Java},
  school = {University of Cambridge},
  year = {2005},
  month = {August},
  type = {{PhD} in {Computer Science}}
}

@article{abstract-htt,
  title={{Abstract predicates and mutable ADTs in Hoare type theory}},
  author={Nanevski, A. and Ahmed, A. and Morrisett, G. and Birkedal, L.},
  journal={European Symposium on Programming (ESOP)},
  year={2007},
  publisher={Springer}
}


@inproceedings{htt,
 author = {Aleksandar Nanevski and Greg Morrisett and Lars Birkedal},
 title = {Polymorphism and separation in hoare type theory},
 booktitle = {Proceedings ICFP},
 year = {2006},
 isbn = {1-59593-309-3},
 pages = {62--73},
 location = {Portland, Oregon, USA},
 doi = {http://doi.acm.org/10.1145/1159803.1159812},
 publisher = {ACM},
 address = {New York, NY, USA},
}



@phdthesis{jones-thesis,
  author = {C.B. Jones},
  title = {Development Methods for Computer Programs Including a Notion of Interference},
  school = {University of Cambridge},
  year = {1981},
  month = {June},
  type = {{PhD} in {Computer Science}}
}

@inproceedings{apl,
    author = "Gordon Plotkin and Mart\'{\i}n Abadi",
    title = "A logic for parametric polymorphism",
    booktitle = "International Conference on Typed Lambda Calculi and Applications",
    number = "664",
    publisher = "Springer-Verlag",
    address = "Utrecht, The Netherlands",
    editor = "M. Bezem and J. F. Groote",
    pages = "361--375",
    year = "1993",
    url = "citeseer.ist.psu.edu/article/plotkin93logic.html" 
}

@inproceedings{free-theorems,
    author = "Philip Wadler",
    title = "Theorems for Free!",
    booktitle = "Proceedings 4th Int.\ Conf.\ on Funct.\ Prog.\ Languages and Computer Arch., {FPCA}'89, London, {UK}, 11--13 Sept 1989",
    publisher = "ACM Press",
    address = "New York",
    pages = "347--359",
    year = "1989",
    url = "citeseer.ist.psu.edu/wadler89theorems.html" 
}



@article{hennessey-milner,
  title={{Algebraic laws for nondeterminism and concurrency}},
  author={Hennessy, M. and Milner, R.},
  journal={Journal of the ACM (JACM)},
  volume={32},
  number={1},
  pages={137--161},
  year={1985},
  publisher={ACM Press New York, NY, USA}
}
 
@article{yoshida-honda-berger,
 author = {Martin Berger and Kohei Honda and Nobuko Yoshida},
 title = {A logical analysis of aliasing in imperative higher-order functions},
 journal = {SIGPLAN Not.},
 volume = {40},
 number = {9},
 year = {2005},
 issn = {0362-1340},
 pages = {280--293},
 doi = {http://doi.acm.org/10.1145/1090189.1086401},
 publisher = {ACM},
 address = {New York, NY, USA},
}

@inproceedings{reus-streicher,
  author    = {Bernhard Reus and
               Thomas Streicher},
  title     = {About Hoare Logics for Higher-Order Store},
  booktitle = {ICALP},
  year      = {2005},
  pages     = {1337-1348},
  ee        = {http://dx.doi.org/10.1007/11523468_108},
  crossref  = {DBLP:conf/icalp/2005},
  bibsource = {DBLP, http://dblp.uni-trier.de}
}

@proceedings{DBLP:conf/icalp/2005,
  editor    = {Lu\'{\i}s Caires and
               Giuseppe F. Italiano and
               Lu\'{\i}s Monteiro and
               Catuscia Palamidessi and
               Moti Yung},
  title     = {Automata, Languages and Programming, 32nd International
               Colloquium, ICALP 2005, Lisbon, Portugal, July 11-15, 2005,
               Proceedings},
  booktitle = {ICALP},
  publisher = {Springer},
  series    = {Lecture Notes in Computer Science},
  volume    = {3580},
  year      = {2005},
  isbn      = {3-540-27580-0},
  bibsource = {DBLP, http://dblp.uni-trier.de}
}


@inproceedings{reus-schwinghammer,
  author    = {Bernhard Reus and
               Jan Schwinghammer},
  title     = {Separation Logic for Higher-Order Store},
  booktitle = {CSL},
  year      = {2006},
  pages     = {575-590},
  ee        = {http://dx.doi.org/10.1007/11874683_38},
  crossref  = {DBLP:conf/csl/2006},
  bibsource = {DBLP, http://dblp.uni-trier.de}
}

@proceedings{DBLP:conf/csl/2006,
  editor    = {Zolt{\'a}n {\'E}sik},
  title     = {Computer Science Logic, 20th International Workshop, CSL
               2006, 15th Annual Conference of the EACSL, Szeged, Hungary,
               September 25-29, 2006, Proceedings},
  booktitle = {CSL},
  publisher = {Springer},
  series    = {Lecture Notes in Computer Science},
  volume    = {4207},
  year      = {2006},
  isbn      = {3-540-45458-6},
  bibsource = {DBLP, http://dblp.uni-trier.de}
}

@inproceedings{bierhoff-aldrich,
    author = "Kevin Bierhoff and Jonathan Aldrich",
    title = "Lightweight Object Specification with Typestates",
    booktitle = "Proceedings of the Joint 10th European Software Engineering Conference (ESEC) and the 13th ACM SIGSOFT Symposium on the Foundations of Software Engineering (FSE-13)",
    pages = {217--226},
    month = sep,
    year = 2005,
    url = {citeseer.ist.psu.edu/bierhoff05lightweight.html} }

@misc{object-typestates,
  author = "R. DeLine and M. Fahndrich",
  title = "Typestates for objects",
  text = "Robert DeLine and Manuel Fahndrich. Typestates for objects. In 18th ECOOP,
    2004.",
  year = "2004",
  url = "citeseer.ist.psu.edu/deline04typestates.html" }

@inproceedings{DBLP:conf/fossacs/BirkedalY07,
  author    = {Lars Birkedal and
               Hongseok Yang},
  title     = {Relational Parametricity and Separation Logic},
  booktitle = {FoSSaCS},
  year      = {2007},
  pages     = {93-107},
  ee        = {http://dx.doi.org/10.1007/978-3-540-71389-0_8},
  crossref  = {DBLP:conf/fossacs/2007},
  bibsource = {DBLP, http://dblp.uni-trier.de}
}

@proceedings{DBLP:conf/fossacs/2007,
  editor    = {Helmut Seidl},
  title     = {Foundations of Software Science and Computational Structures,
               10th International Conference, FOSSACS 2007, Held as Part
               of the Joint European Conferences on Theory and Practice
               of Software, ETAPS 2007, Braga, Portugal, March 24-April
               1, 2007, Proceedings},
  booktitle = {FoSSaCS},
  publisher = {Springer},
  series    = {Lecture Notes in Computer Science},
  volume    = {4423},
  year      = {2007},
  isbn      = {978-3-540-71388-3},
  bibsource = {DBLP, http://dblp.uni-trier.de}
}

@InProceedings{nanevski06separation,
  author = 	 {Aleksandar Nanevski and Greg Morrisett and Lars Birkedal},
  title = 	 {Polymorphism and Separation in {H}oare {T}ype {T}heory},
  booktitle = {In Proceedings of International Conference on Functional Programming'06},
  pages = 	 {62--73},
  year = 	 {2006},
  address = 	 {Portland, Oregon}
}

@InProceedings{nanevski07esop,
  author = 	 {Aleksandar Nanevski and Amal Ahmed and Greg Morrisett and Lars Birkedal},
  title = 	 {{A}bstract {P}redicates and {M}utable {ADT}s in {H}oare {T}ype {T}heory},
  booktitle = {In Proceedings of European Symposium on Programming'07},
  pages = 	 {189--204},
  year = 	 {2007},
  volume = 	 {4421},
  series = 	 {Lecture Notes in Computer Science},
  publisher =    {Springer}
}
@InProceedings{petersen08,
  author =       {Rasmus Lerchedahl Petersen and Lars Birkedal and Aleksandar Nanevski and Greg Morrisett},
  title =        {A Realizability Model for Impredicative {H}oare {T}ype {T}heory},
  booktitle =    {In Proceedings of European Symposium on Programming'08},
  year =         {2008}
}

@InProceedings{nanevski08,
  author =       {Aleksandar Nanevski and Greg Morrisett and Avi Shinnar and Paul Govereau and Lars Birkedal},
  title =        {Ynot: Reasoning with the Awkward Squad},
  booktitle =    {In Proceedings of International Conference on Functional Programming'08},
  year =         {2008}
}

@TechReport{svendsen08,
  author = 	 {Kasper Svendsen and Alexandre Buisse and Lars Birkedal},
  title = 	 {Verifying design patterns in {H}oare {T}ype {T}heory},
  institution =  {IT University of Copenhagen},
  year = 	 {2008},
  OPTkey = 	 {},
  OPTtype = 	 {},
  number = 	 {ITU-TR-2008-112},
  OPTaddress = 	 {},
  month =	 {sep},
  OPTnote = 	 {},
  OPTannote = 	 {}
}

