@unpublished{patterns,
  author = { Neelakantan R. Krishnaswami and Jonathan Aldrich },
  title = { Verifying Object-Oriented Patterns with Higher-Order Separation Logic }
}

@unpublished{subobj,
  title = { Modular Verification of the Subject-Observer Pattern via Higher-Order Separation Logic },
  author = { Neelakantan R. Krishnaswami and Lars Birkedal and Jonathan Aldrich }
}

@InProceedings{ynot-conf,
  author = 	 {A. Nanevski and G. Morrisett and A. Shinnar and P. Goverau and L. Birkedal},
  title =	 {Ynot: Dependent Types for Imperative Programs},
  booktitle =    {Proceedings of ICFP 2008},
  month =	 {Sep},
  year =	 2008
}

@InProceedings{httmodel-conf,
  author = {R.L. Petersen and L. Birkedal and A. Nanevski and G. Morrisett},
  title =  {A {R}ealizability {M}odel of {I}mpredicative {H}oare {T}ype {T}heory},
  booktitle = {Proceedings of ESOP 2008},
  year = 2008
}

@InProceedings{htthol-conf,
  author = { Aleksandar Nanevski and Greg Morrisett and Lars Birkedal },
  title = { Polymorphism and Separation in Hoare Type Theory },
  booktitle = { Proceedings of ICFP'06 },
  year = 2006
}
