@article{coiterative,
  author    = {Paul Caspi and
               Marc Pouzet},
  title     = {A Co-iterative Characterization of Synchronous Stream Functions},
  journal   = {Electr. Notes Theor. Comput. Sci.},
  volume    = {11},
  year      = {1998},
  ee        = {http://www.elsevier.com/gej-ng/31/29/23/36/23/show/Products/notes/index.htt\#002},
  bibsource = {DBLP, http://dblp.uni-trier.de}
}

@conference{esterel,
  title={{The ESTEREL synchronous programming language and its mathematical semantics}},
  author={Berry, G. and Cosserat, L.},
  booktitle={Seminar on Concurrency},
  pages={389--448},
  year={1985},
  organization={Springer}
}

@inproceedings{essence-dataflow,
  author    = {Tarmo Uustalu and
               Varmo Vene},
  title     = {The Essence of Dataflow Programming},
  booktitle = {Central European Functional Programming School},
  year      = {2005},
  series="LNCS", volume=4164, year=2006
}

@proceedings{DBLP:conf/cefp/2005,
  editor    = {Zolt{\'a}n Horv{\'a}th},
  title     = {Central European Functional Programming School, First Summer
               School, CEFP 2005, Budapest, Hungary, July 4-15, 2005, Revised
               Selected Lectures},
  booktitle = {CEFP},
  publisher = {Springer},
  series    = {Lecture Notes in Computer Science},
  volume    = {4164},
  year      = {2006},
  isbn      = {3-540-46843-9},
  bibsource = {DBLP, http://dblp.uni-trier.de}
}

@inproceedings{fran,
  author    = {Conal Elliott and
               Paul Hudak},
  title     = {Functional Reactive Animation},
  booktitle = {ICFP},
  year      = {1997},
  ee        = {http://doi.acm.org/10.1145/258948.258973},
  bibsource = {DBLP, http://dblp.uni-trier.de}
}

@inproceedings{frp-first-principles,
  author    = {Zhanyong Wan and
               Paul Hudak},
  title     = {Functional reactive programming from first principles},
  booktitle = {PLDI},
  year      = {2000},
  pages     = {242-252},
  ee        = {http://doi.acm.org/10.1145/349299.349331},
  bibsource = {DBLP, http://dblp.uni-trier.de}
}

@inproceedings{concurrency-semantics,
  author    = {J. W. de Bakker and
               Jeffery I. Zucker},
  title     = {Denotational Semantics of Concurrency},
  booktitle = {STOC},
  year      = {1982},
  pages     = {153-158},
  crossref  = {DBLP:conf/stoc/STOC14},
  bibsource = {DBLP, http://dblp.uni-trier.de}
}

@proceedings{DBLP:conf/stoc/STOC14,
  title     = {Proceedings of the Fourteenth Annual ACM Symposium on Theory
               of Computing, 5-7 May 1982, San Francisco, California, USA},
  booktitle = {STOC},
  publisher = {ACM},
  year      = {1982},
  bibsource = {DBLP, http://dblp.uni-trier.de}
}

@inproceedings{metric-dataflow,
  author    = {J. W. de Bakker and
               Joost N. Kok},
  title     = {Towards a Uniform Topological Treatment of Streams and Functions
               on Streams},
  booktitle = {ICALP},
  year      = {1985},
%  pages     = {140-148},
%  ee        = {http://dx.doi.org/10.1007/BFb0015739},
%  crossref  = {DBLP:conf/icalp/1985},
%  bibsource = {DBLP, http://dblp.uni-trier.de}
}

@proceedings{DBLP:conf/icalp/1985,
  booktitle = {ICALP},
  series    = {LNCS},
  volume    = {194},
  year      = {1985}
  @Comment isbn      = {3-540-15650-X},
  @Comment bibsource = {DBLP, http://dblp.uni-trier.de}
}

@TECHREPORT{birkedal-ultrametrics,
  author = {Lars Birkedal and Kristian St{\o}vring and Jacob
                 Thamsborg},
  title = {The category-theoretic solution of recursive
                 metric-space quations},
  institution = {IT University of Copenhagen},
  year = {2009},
  number = {ITU-2009-119}
%  url = {http://www.itu.dk/~birkedal/papers/ITU-TR-2009-119.pdf}
}


@inproceedings{escardo-metric,
  author = 	 {M.H. Escard\'o},
  title = 	 {A metric model of {PCF}},
  booktitle="Workshop on Realizability Semantics and Applications",
  year=1999
}
@Comment   note =         {Laboratory for Foundations of Computer Science,
@Comment                   University of Edinburgh. 
@Comment                   Presented at the 
@Comment                   June 30-July 1, 1999 (associated to the Federated
@Comment                   Logic Conference, held in Trento, June 29-July 12, 1999)},
@Comment   month =	 {April},
@Comment   year =	 {1998},
@Comment }

@article{appel-mcallester,
  author    = {Andrew W. Appel and
               David A. McAllester},
  title     = {An indexed model of recursive types for foundational proof-carrying
               code},
  journal   = {ACM Trans. Program. Lang. Syst.},
  volume    = {23},
  number    = {5},
  year      = {2001},
  pages     = {657-683},
  ee        = {http://doi.acm.org/10.1145/504709.504712},
  bibsource = {DBLP, http://dblp.uni-trier.de}
}

@inproceedings{benton-wadler,
  author    = {P. N. Benton and
               Philip Wadler},
  title     = {Linear Logic, Monads and the Lambda Calculus},
  booktitle = {LICS},
  year      = {1996},
  pages     = {420-431},
  bibsource = {DBLP, http://dblp.uni-trier.de}
}

@manual{synchrone,
  author = {Marc Pouzet},
  title = {{Lucid Synchrone}, version 3.
                  {Tutorial and reference manual}},
  organization = {Universit\'e Paris-Sud, LRI},
%  month = {April},
  year = 2006,
%  note = {Distribution available at: 
%                  {\tt www.lri.fr/$\sim$pouzet/lucid-synchrone}}
}

@conference{arrowized-frp,
  title={{Functional reactive programming, continued}},
  author={Nilsson, H. and Courtney, A. and Peterson, J.},
  booktitle={Proceedings of the 2002 ACM SIGPLAN workshop on Haskell},
  pages={64},
  year={2002},
  organization={ACM}
}

@inproceedings{benton:lnl,
  author="N. Benton",
  title="A Mixed Linear and Non-Linear Logic: Proofs, Terms and Models",
  booktitle="Computer Science Logic",
  year=1995,
  series="LNCS", volume=933
}

@inproceedings{vieraetal:hdyrm,
  author="M. Viera and S. D. Swierstra and E. Lempsink",
  title="Haskell, Do You Read Me?: Constructing and Composing Efficient Top-Down Parsers at Runtime",
  booktitle="First {ACM} Symposium on {Haskell}",
  year=2008
}

@inproceedings{henglein:optrelational,
  author="F. Henglein",
  title="Optimizing Relational Algebra Operations Using Generic Equivalence Discriminators and Lazy Products",
  booktitle="Partial Evaluation and Program Manipulation",
  year=2010
}

@inproceedings{liu:cca,
  author="H. Liu and E. Cheng and P. Hudak",
  title="Causal Commutative Arrows and their Optimization",
  booktitle="ACM International Conference on Functional Programming",
  year=2009
}

@inproceedings{sculthorpe:safefrp,
  author="N. Sculthorpe and H. Nilsson",
  title="Safe Functional Reactive Programming through Dependent Types",
  booktitle="ACM International Conference on Functional Programming",
  year=2009
}

@inproceedings{lustre,
 author="P. Caspi and D. Pilaud and N. Halbwachs and J.A. Plaice",
 title="{LUSTRE}: A Declarative Language for Real-Time Programming",
 booktitle="Proceedings of the 14th Symposium on Principles of Programming Languages",
 year=1987
}

@inproceedings{krishnaswamietal:ramified,
  author="N. Krishnaswami and L. Birkedal and J. Aldrich",
  title="Verifying Even-Driven Programs using Ramified Frame Properties",
  booktitle="Proceedings of Types in Language Design and Implementation",
  year=2010
}

@phdthesis{courtney-thesis,
  author="A. Courtney",
  title="Modeling User Interfaces in a Functional Language",
  school="Yale University",
  year=2004
}

@article{hosl,
  author="B. Biering, L. Birkedal and N. Torp-Smith",
  title="{BI}-hyperdoctrines, Higher-Order Separation Logic and Abstraction",
  journal="ACM TOPLAS",
  volume=29, number=5, year=2007
}

