@inproceedings{sep-logic,
  author = {John C. Reynolds},
  title     = {Separation Logic: A Logic for Shared Mutable Data Structures},
  year      = {2002},
  pages     = {55-74},
  booktitle = {Logic in Computer Science (LICS 2002)},
  location  = {Copenhagen, Denmark},
  publisher = {IEEE Computer Society},
  isbn      = {0-7695-1483-9}
}

@article{parkinson-iwaco-07,
  title={{Class invariants: The end of the road}},
  author={Parkinson, M.},
  journal={Proceedings IWACO},
  year={2007}
}

@article{pfenning-davies,
 author = {Frank Pfenning and Rowan Davies},
 title = {A judgmental reconstruction of modal logic},
 journal = {Mathematical Structures in Computer Science},
 volume = {11},
 number = {4},
 year = {2001},
 issn = {0960-1295},
 pages = {511--540},
 publisher = {Cambridge University Press},
 address = {New York, NY, USA},
}

@article{moggi-monads,
 author = {Eugenio Moggi},
 title = {Notions of computation and monads},
 journal = {Information and Compututation},
 volume = {93},
 number = {1},
 year = {1991},
 issn = {0890-5401},
 pages = {55--92},
 doi = {http://dx.doi.org/10.1016/0890-5401(91)90052-4},
 publisher = {Academic Press, Inc.},
 address = {Duluth, MN, USA},
 }

@article{hosl,
 author = {Bodil Biering and Lars Birkedal and Noah Torp-Smith},
 title = {{BI}-hyperdoctrines, higher-order separation logic, and abstraction},
 journal = {ACM TOPLAS},
 volume = {29},
 number = {5},
 year = {2007},
 issn = {0164-0925},
 pages = {24},
 doi = {http://doi.acm.org/10.1145/1275497.1275499},
 publisher = {ACM},
 address = {New York, NY, USA},
}

@article{parkinson-bierman-05,
 author = {Matthew Parkinson and Gavin Bierman},
 title = {Separation logic and abstraction},
 journal = {SIGPLAN Not.},
 volume = {40},
 number = {1},
 year = {2005},
 issn = {0362-1340},
 pages = {247--258},
 doi = {http://doi.acm.org/10.1145/1047659.1040326},
 publisher = {ACM},
 address = {New York, NY, USA},
}

@incollection{liskov-wing,
 author = {Barbara H. Liskov and Jeannette M. Wing},
 title = {Behavioural subtyping using invariants and constraints},
 booktitle = {Formal Methods for Distributed Processing: a Survey of Object-Oriented Approaches},
 year = {2001},
 isbn = {0-521-77184-6},
 pages = {254--280},
 publisher = {Cambridge University Press},
 address = {New York, NY, USA},
}


@proceedings{DBLP:conf/oopsla/2007,
  editor    = {Richard P. Gabriel and
               David F. Bacon and
               Cristina Videira Lopes and
               Guy L. Steele Jr.},
  title     = {Proceedings of the 22nd Annual ACM SIGPLAN Conference on
               Object-Oriented Programming, Systems, Languages, and Applications,
               OOPSLA 2007, October 21-25, 2007, Montreal, Quebec, Canada},
  booktitle = {OOPSLA},
  publisher = {ACM},
  year      = {2007},
  isbn      = {978-1-59593-786-5},
  bibsource = {DBLP, http://dblp.uni-trier.de}
}


@inproceedings{history-invariants,
  author    = {K. Rustan M. Leino and
               Wolfram Schulte},
  title     = {Using History Invariants to Verify Observers},
  booktitle = {ESOP},
  year      = {2007},
  pages     = {80-94},
  ee        = {http://dx.doi.org/10.1007/978-3-540-71316-6_7},
  crossref  = {DBLP:conf/esop/2007},
  bibsource = {DBLP, http://dblp.uni-trier.de}
}

@proceedings{DBLP:conf/esop/2007,
  editor    = {Rocco De Nicola},
  title     = {Programming Languages and Systems, 16th European Symposium
               on Programming, ESOP 2007, Held as Part of the Joint European
               Conferences on Theory and Practics of Software, ETAPS 2007,
               Braga, Portugal, March 24 - April 1, 2007, Proceedings},
  booktitle = {ESOP},
  publisher = {Springer},
  series    = {LNCS},
  volume    = {4421},
  year      = {2007},
  isbn      = {978-3-540-71314-2},
  bibsource = {DBLP, http://dblp.uni-trier.de}

}

@inproceedings{htt,
 author = {Aleksandar Nanevski and Greg Morrisett and Lars Birkedal},
 title = {Polymorphism and separation in hoare type theory},
 booktitle = {Proceedings ICFP},
 year = {2006},
 isbn = {1-59593-309-3},
 pages = {62--73},
 location = {Portland, Oregon, USA},
 doi = {http://doi.acm.org/10.1145/1159803.1159812},
 publisher = {ACM},
 address = {New York, NY, USA},
}


@conference{tldi09,
  title={{Design patterns in separation logic}},
  author={Krishnaswami, N. and Aldrich, J. and Birkedal, L. and Svendsen, K. and Buisse, A.},
  booktitle={Proceedings of TLDI'09},
  pages={105--116},
  year={2009},
  organization={ACM New York, NY, USA}
}

@conference{ftfjp07,
  title={{Modular verification of the subject-observer pattern via higher-order separation logic}},
  author={Krishnaswami, N. and Aldrich, J. and Birkedal, L.},
  booktitle={Proceedings of FTfJP: Formal Techniques for Java-like Programs},
  year={2007}
}


@conference{frp,
  title={{Functional reactive animation}},
  author={Elliott, C. and Hudak, P.},
  booktitle={Proceedings of ICFP'97},
  pages={263--273},
  year={1997},
  organization={ACM New York, NY, USA}
}

@inproceedings{afrp,
  author    = {Paul Hudak and
               Antony Courtney and
               Henrik Nilsson and
               John Peterson},
  title     = {Arrows, Robots, and Functional Reactive Programming},
  booktitle = {Advanced Functional Programming},
  year      = {2002},
  pages     = {159-187},
  ee        = {http://springerlink.metapress.com/openurl.asp?genre=article{\&}issn=0302-9743{\&}volume=2638{\&}spage=159},
  crossref  = {DBLP:conf/afp/2002},
  bibsource = {DBLP, http://dblp.uni-trier.de}
}

@proceedings{DBLP:conf/afp/2002,
  editor    = {Johan Jeuring and
               Simon L. Peyton Jones},
  title     = {Advanced Functional Programming, 4th International School,
               AFP 2002, Oxford, UK, August 19-24, 2002, Revised Lectures},
  booktitle = {Advanced Functional Programming},
  publisher = {Springer},
  series    = {LNCS},
  volume    = {2638},
  year      = {2003},
  isbn      = {3-540-40132-6},
  bibsource = {DBLP, http://dblp.uni-trier.de}
}




@inproceedings{frtime,
  author    = {Gregory H. Cooper and
               Shriram Krishnamurthi},
  title     = {Embedding Dynamic Dataflow in a Call-by-Value Language},
  booktitle = {ESOP},
  year      = {2006},
  pages     = {294-308},
  ee        = {http://dx.doi.org/10.1007/11693024_20},
  crossref  = {DBLP:conf/esop/2006},
  bibsource = {DBLP, http://dblp.uni-trier.de}
}

@proceedings{DBLP:conf/esop/2006,
  editor    = {Peter Sestoft},
  title     = {Programming Languages and Systems, 15th European Symposium
               on Programming, ESOP 2006, Held as Part of the Joint European
               Conferences on Theory and Practice of Software, ETAPS 2006,
               Vienna, Austria, March 27-28, 2006, Proceedings},
  booktitle = {ESOP},
  publisher = {Springer},
  series    = {LNCS},
  volume    = {3924},
  year      = {2006},
  isbn      = {3-540-33095-X},
  bibsource = {DBLP, http://dblp.uni-trier.de}
}



@inproceedings{superglue,
  author    = {Sean McDirmid and
               Wilson C. Hsieh},
  title     = {SuperGlue: Component Programming with Object-Oriented Signals},
  booktitle = {ECOOP},
  year      = {2006},
  pages     = {206-229},
  ee        = {http://dx.doi.org/10.1007/11785477_15},
  crossref  = {DBLP:conf/ecoop/2006},
  bibsource = {DBLP, http://dblp.uni-trier.de}
}

@proceedings{DBLP:conf/ecoop/2006,
  editor    = {Dave Thomas},
  title     = {ECOOP 2006 - Object-Oriented Programming, 20th European
               Conference, Nantes, France, July 3-7, 2006, Proceedings},
  booktitle = {ECOOP},
  publisher = {Springer},
  series    = {LNCS},
  volume    = {4067},
  year      = {2006},
  isbn      = {3-540-35726-2},
  bibsource = {DBLP, http://dblp.uni-trier.de}
}

@inproceedings{birkedal-impred,
  author    = {Lars Birkedal and
               Kristian St{\o}vring and
               Jacob Thamsborg},
  title     = {Realizability Semantics of Parametric Polymorphism, General
               References, and Recursive Types},
  booktitle = {FOSSACS},
  year      = {2009},
  pages     = {456-470},
  ee        = {http://dx.doi.org/10.1007/978-3-642-00596-1_32},
  crossref  = {DBLP:conf/fossacs/2009},
  bibsource = {DBLP, http://dblp.uni-trier.de}
}

@proceedings{DBLP:conf/fossacs/2009,
  editor    = {Luca de Alfaro},
  title     = {Foundations of Software Science and Computational Structures,
               12th International Conference, FOSSACS 2009, Held as Part
               of the Joint European Conferences on Theory and Practice
               of Software, ETAPS 2009, York, UK, March 22-29, 2009. Proceedings},
  booktitle = {FOSSACS},
  publisher = {Springer},
  series    = {LNCS},
  volume    = {5504},
  year      = {2009},
  isbn      = {978-3-642-00595-4},
  ee        = {http://dx.doi.org/10.1007/978-3-642-00596-1},
  bibsource = {DBLP, http://dblp.uni-trier.de}
}

@inproceedings{benton,
  author    = {Nick Benton},
  title     = {Abstracting Allocation},
  booktitle = {CSL},
  year      = {2006},
  pages     = {182-196},
  ee        = {http://dx.doi.org/10.1007/11874683_12},
  crossref  = {DBLP:conf/csl/2006},
  bibsource = {DBLP, http://dblp.uni-trier.de}
}

@proceedings{DBLP:conf/csl/2006,
  editor    = {Zolt{\'a}n {\'E}sik},
  title     = {Computer Science Logic, 20th International Workshop, CSL
               2006, 15th Annual Conference of the EACSL, Szeged, Hungary,
               September 25-29, 2006, Proceedings},
  booktitle = {CSL},
  publisher = {Springer},
  series    = {LNCS},
  volume    = {4207},
  year      = {2006},
  isbn      = {3-540-45458-6},
  bibsource = {DBLP, http://dblp.uni-trier.de}
}

@inproceedings{birkedal-yang,
  author    = {Lars Birkedal and
               Hongseok Yang},
  title     = {Relational Parametricity and Separation Logic},
  booktitle = {FoSSaCS},
  year      = {2007},
  pages     = {93-107},
  ee        = {http://dx.doi.org/10.1007/978-3-540-71389-0_8},
  crossref  = {DBLP:conf/fossacs/2007},
  bibsource = {DBLP, http://dblp.uni-trier.de}
}

@proceedings{DBLP:conf/fossacs/2007,
  editor    = {Helmut Seidl},
  title     = {Foundations of Software Science and Computational Structures,
               10th International Conference, FOSSACS 2007, Held as Part
               of the Joint European Conferences on Theory and Practice
               of Software, ETAPS 2007, Braga, Portugal, March 24-April
               1, 2007, Proceedings},
  booktitle = {FoSSaCS},
  publisher = {Springer},
  series    = {LNCS},
  volume    = {4423},
  year      = {2007},
  isbn      = {978-3-540-71388-3},
  bibsource = {DBLP, http://dblp.uni-trier.de}
}

@article{self-adjusting,
  title={{Adaptive functional programming}},
  author={Acar, U.A. and Blelloch, G.E. and Harper, R.},
  journal={ACM Transactions on Programming Languages and Systems (TOPLAS)},
  volume={28},
  number={6},
  pages={990--1034},
  year={2006},
  publisher={ACM New York, NY, USA}
}

@article{rely-guarantee-jones,
  author = {Jones, Cliff B.},
  title = {Tentative steps toward a development method for interfering programs},
  journal = {ACM  Transactions on Programming Languages and Systems (TOPLAS)},
  year = {1983},
  pages = {596--619},
  volume = {5},
  number = {4},
  publisher = {ACM New York, NY, USA}
}

@InCollection{mccarthy,
  author = "John McCarthy and Patrick J. Hayes",
  title = "Some Philosophical Problems from the Standpoint of Artificial Intelligence",
  booktitle = "Machine Intelligence 4",
  editor = "B. Meltzer and D. Michie",
  pages = "463--502",
  publisher = "Edinburgh University Press",
  year = "1969"
}

@phdthesis{finger,
 author = {Finger, J. J.},
 title = {Exploiting constraints in design synthesis},
 year = {1987},
 order_no = {UMI Order No. GAX87-20386},
 school = {Stanford University},
 address = {Stanford, CA, USA},
}

@phdthesis{tech-report,
 author = {Krishnaswami, Neelakantan R.},
 title = {Verifying Higher-Order Programming Languages with Higher-Order Separation Logic},
 year = {2009},
 school = {forthcoming. Carnegie Mellon University},
 address = {Pittsburgh, PA, USA},
}


@phdthesis{parkinson-thesis,
  author = {Matthew Parkinson},
  title = {Local Reasoning for Java},
  school = {University of Cambridge},
  year = {2005},
  month = {August},
  type = {{PhD} in {Computer Science}}
}

@inproceedings{parkinson-bierman,
  author    = {Matthew J. Parkinson and
               Gavin M. Bierman},
  title     = {Separation logic, abstraction and inheritance},
  booktitle = {POPL},
  year      = {2008},
  pages     = {75-86},
  ee        = {http://doi.acm.org/10.1145/1328438.1328451},
  crossref  = {DBLP:conf/popl/2008},
  bibsource = {DBLP, http://dblp.uni-trier.de}
}

@proceedings{DBLP:conf/popl/2008,
  editor    = {George C. Necula and
               Philip Wadler},
  title     = {Proceedings of the 35th ACM SIGPLAN-SIGACT Symposium on
               Principles of Programming Languages, POPL 2008, San Francisco,
               California, USA, January 7-12, 2008},
  booktitle = {POPL},
  publisher = {ACM},
  year      = {2008},
  isbn      = {978-1-59593-689-9},
  bibsource = {DBLP, http://dblp.uni-trier.de}
}

@book{bird-wadler,
  title={{An introduction to functional programming}},
  author={Bird, R. and Wadler, P.},
  year={1988},
  publisher={Prentice Hall International (UK) Ltd. Hertfordshire, UK, UK}
}

@inproceedings{carlsson,
  author    = {Magnus Carlsson},
  title     = {Monads for incremental computing},
  booktitle = {ICFP},
  year      = {2002},
  pages     = {26-35},
  ee        = {http://doi.acm.org/10.1145/581478.581482},
  bibsource = {DBLP, http://dblp.uni-trier.de}
}


@inproceedings{shaner-leavens-naumann,
  author    = {Steve M. Shaner and Gary T. Leavens and David A. Naumann},
  title     = {Modular verification of higher-order methods with mandatory
               calls specified by model programs},
  booktitle = {OOPSLA},
  year      = {2007},
  pages     = {351-368},
}

@inproceedings{banerjee-naumann-regions,
  author    = {Anindya Banerjee and David A. Naumann 2 and Stan Rosenberg},
  title     = {Regional Logic for Local Reasoning about Global Invariants},
  booktitle = {ECOOP},
  year      = {2008},
  pages     = {387-411},
}

@inproceedings{barnett-naumann,
  author = {Mike Barnett and David A. Naumann},
  title  = {Friends Need a Little Bit More: Maintaining Invariants Over Shared State},
  year   = {2004},
  booktitle = {MPC},
  pages = {54-64},
}

@Article{BirkedalL:semslt-journal,
  author = 	 {L. Birkedal and N. Torp-Smith and H. Yang},
  title = 	 {Semantics of Separation-logic Typing and Higher-order Frame Rules for Algol-like Langauges},
  journal = 	 {Logical Methods in Computer Science},
  year = 	 2006,
  volume =	 2,
  number =	 {5:1},
  pages =	 {1--33}
}
@InProceedings{birkedal-torpsmith-yang-lics05,
  author = 	 {L. Birkedal and N. Torp-Smith and H. Yang},
  title = 	 {Semantics of Separation-logic Typing and
                  Higher-order Frame Rules},
  booktitle =    {Proc. of LICS'05},
  year = 	 {2005},
  pages =        {260-269}
}

