@article{jml,
  title={{JML: a Java modeling language}},
  author={Leavens, G.T. and Baker, A.L. and Ruby, C.},
  journal={Formal Underpinnings of Java Workshop (at OOPSLA'98)},
  year={1998}
}

@Techreport{pierce-turner,
  Key	       =   "Pierce \& Turner",
  Author       =   "Benjamin C. Pierce and David N. Turner" ,
  Title        =   "Statically Typed Friendly Functions via Partially
                    Abstract~Types" ,
  Institution  =   "University of Edinburgh, LFCS" ,
  Type         =   "Technical Report" ,
  Number       =   "ECS-LFCS-93-256" ,
  Month        =   Apr,
  Year         =   "1993" ,
  Note         =   "Get by anonymous ftp from {\tt
		  ftp.dcs.ed.ac.uk} in {\tt
		  pub/bcp/friendly.ps.Z}. Also available as INRIA-Rocquencourt 
                    Rapport de Recherche No. 1899",
}



@article{boogie,
  title={{The Spec\# Programming System: An Overview}},
  author={Barnett, M. and Leino, K.R.M. and Schulte, W.},
  journal={Proceedings CASSIS 2004},
  year={2005},
  publisher={Springer}
}

@article{iterators-revisited,
  title={{Iterators revisited: Proof rules and implementation}},
  author={Jacobs, B. and Meijer, E. and Piessens, F. and Schulte, W.},
  journal={Proceedings FTfJP},
  year={2005}
}

@book{haskell-report,
  title={{Haskell 98 language and libraries: the revised report}},
  author={Jones, S.P. and Jones, S.L.P.},
  year={2003},
  publisher={Cambridge University Press}
}


@article{friends,
  title={{Friends Need a Bit More: Maintaining Invariants Over Shared State}},
  author={Barnett, M. and Naumann, D.A.},
  journal={Mathematics of Program Construction (MPC)},
  year={2004},
  publisher={Springer}
}

@conference{benton-modularity,
  title={{Abstracting allocation}},
  author={Benton, N.},
  booktitle={Computer Science Logic},
  pages={182--196},
  year={2006},
  organization={Springer}
}


@article{mitchell-plotkin,
  title={{Abstract types have existential type}},
  author={Mitchell, J.C. and Plotkin, G.D.},
  journal={ACM Transactions on Programming Languages and Systems (TOPLAS)},
  volume={10},
  number={3},
  pages={470--502},
  year={1988},
  publisher={ACM}
}


@inproceedings{gc-proof,
 author = {Lars Birkedal and Noah Torp-Smith and John C. Reynolds},
 title = {Local reasoning about a copying garbage collector},
 booktitle = {POPL '04: Proceedings of the 31st ACM SIGPLAN-SIGACT Symposium on Principles of Programming Languages},
 year = {2004},
 isbn = {1-58113-729-X},
 pages = {220--231},
 location = {Venice, Italy},
 doi = {http://doi.acm.org/10.1145/964001.964020},
 publisher = {ACM},
 address = {New York, NY, USA},
}

@article{pfenning-davies,
 author = {Frank Pfenning and Rowan Davies},
 title = {A judgmental reconstruction of modal logic},
 journal = {Mathematical Structures in Computer Science},
 volume = {11},
 number = {4},
 year = {2001},
 issn = {0960-1295},
 pages = {511--540},
 doi = {http://dx.doi.org/10.1017/S0960129501003322},
 publisher = {Cambridge University Press},
 address = {New York, NY, USA},
}

@article{moggi-monads,
 author = {Eugenio Moggi},
 title = {Notions of computation and monads},
 journal = {Information and Compututation},
 volume = {93},
 number = {1},
 year = {1991},
 issn = {0890-5401},
 pages = {55--92},
 doi = {http://dx.doi.org/10.1016/0890-5401(91)90052-4},
 publisher = {Academic Press, Inc.},
 address = {Duluth, MN, USA},
 }

@TECHREPORT{tech-report,
  author = {Neelakantan R. Krishnaswami},
  title = {The Semantics of Higher-Order Separation Logic for a Higher-Order Language},
  institution = {Carnegie Mellon University},
  year = {2008},
}

@conference{idealized-algol,
  title={{The essence of Algol}},
  author={Reynolds, J.C.},
  booktitle={ALGOL-like Languages, Volume 1},
  pages={88},
  isbn={0817638806},
  year={1997},
  organization={Birkhauser Boston Inc.}
}

@article{hoare-logic,
  title={{An axiomatic basis for computer programming}},
  author={Hoare, C.A.R.},
  journal={Communications of the ACM},
  volume={12},
  number={10},
  pages={576--580},
  issn={0001-0782},
  year={1969},
  publisher={ACM}
}


@article{nanevski-victor-10,
  title={{Structuring the verification of heap-manipulating programs}},
  author={Nanevski, A. and Vafeiadis, V. and Berdine, J.},
  journal={ACM SIGPLAN Notices},
  volume={45},
  number={1},
  pages={261--274},
  issn={0362-1340},
  year={2010},
  publisher={ACM}
}


@article{hosl,
 author = {Bodil Biering and Lars Birkedal and Noah Torp-Smith},
 title = {{BI}-hyperdoctrines, higher-order separation logic, and abstraction},
 journal = {ACM TOPLAS},
 volume = {29},
 number = {5},
 year = {2007},
 issn = {0164-0925},
 pages = {24},
 doi = {http://doi.acm.org/10.1145/1275497.1275499},
 publisher = {ACM},
 address = {New York, NY, USA},
}

@inproceedings{sep-inf,
 author = {Peter W. O'Hearn and Hongseok Yang and John C. Reynolds},
 title = {Separation and information hiding},
 booktitle = {POPL '04: Proceedings of the 31st ACM SIGPLAN-SIGACT Symposium on Principles of Programming Languages},
 year = {2004},
 isbn = {1-58113-729-X},
 pages = {268--280},
 location = {Venice, Italy},
 doi = {http://doi.acm.org/10.1145/964001.964024},
 publisher = {ACM},
 address = {New York, NY, USA},
}

@article{parkinson-bierman-05,
 author = {Matthew Parkinson and Gavin Bierman},
 title = {Separation logic and abstraction},
 journal = {SIGPLAN Not.},
 volume = {40},
 number = {1},
 year = {2005},
 issn = {0362-1340},
 pages = {247--258},
 doi = {http://doi.acm.org/10.1145/1047659.1040326},
 publisher = {ACM},
 address = {New York, NY, USA},
}

@misc{itertools,
  title = {Python Library Refernce, Release 2.5.2},
  author = {Guido van Rossum},
  howpublished = {{\texttt{<http://docs.python.org/lib/lib.html>}}},
  year = {2008}
}

@misc{google-coll,
  title = {Google Collections Library, v. 0.5},
  author = {Kevin Bourrillion and others},
  howpublished = {{\texttt{<http://code.google.com/p/google-collections/>}}},
  year = {2008},
}

@incollection{liskov-wing,
 author = {Barbara H. Liskov and Jeannette M. Wing},
 title = {Behavioural subtyping using invariants and constraints},
 booktitle = {Formal Methods for Distributed Processing: a Survey of Object-Oriented Approaches},
 year = {2001},
 isbn = {0-521-77184-6},
 pages = {254--280},
 publisher = {Cambridge University Press},
 address = {New York, NY, USA},
}

@inproceedings{ShanerLN07,
  author    = {Steve M. Shaner and
               Gary T. Leavens and
               David A. Naumann},
  title     = {Modular verification of higher-order methods with mandatory
               calls specified by model programs},
  booktitle = {OOPSLA},
  year      = {2007},
  pages     = {351-368},
  ee        = {http://doi.acm.org/10.1145/1297027.1297053},
  crossref  = {DBLP:conf/oopsla/2007},
  bibsource = {DBLP, http://dblp.uni-trier.de}
}

@inproceedings{jstar-parkinson-distefano,
  author = {Matthew Parkinson and Dino Distefano},
  title = {{jStar}: Towards Practical Verification for {Java}},
  booktitle = {OOPSLA},
  year = {2008, to appear.}, 
}

@proceedings{DBLP:conf/oopsla/2007,
  editor    = {Richard P. Gabriel and
               David F. Bacon and
               Cristina Videira Lopes and
               Guy L. Steele Jr.},
  title     = {Proceedings of the 22nd Annual ACM SIGPLAN Conference on
               Object-Oriented Programming, Systems, Languages, and Applications,
               OOPSLA 2007, October 21-25, 2007, Montreal, Quebec, Canada},
  booktitle = {OOPSLA},
  publisher = {ACM},
  year      = {2007},
  isbn      = {978-1-59593-786-5},
  bibsource = {DBLP, http://dblp.uni-trier.de}
}


@inproceedings{boogie-sub-obs,
  author = {K. Rustan M. Leino and Wolfram Schulte},
  title  = {Using History Invariants to Verify Observers},
  booktitle = {European Symposium on Programming (ESOP)},
  year     = {2007},
  isbn     = {978-3-540-71314-2},
  pages    = {80--94},
  location = {Braga, Portugal},
  doi      = "http://dx.doi.org/10.1007/978-3-540-71316-6\_7",
  publisher = {Springer},
  bibsource = {DBLP, http://dblp.uni-trier.de}
}

@article{idioms,
  author = {Conor McBride and Ross Paterson},
  title = {Applicative Programming with Effects},
  journal = {Journal of Functional Programming},
  volume = {18},
  number = {1},
  year   = {2008},
  pages  = {1--13},
  publisher = {Cambridge University Press},
  issn = {0956-7968},
  address = {New York, NY, USA}
}

@article{rely-guarantee,
  author = {Qiwen Xu and Willem-Paul de Roever and Jifeng He},
  title = {The Rely-Guarantee Method for Verifying Shared Variable Concurrent Programs},
  journal   = {Formal Aspects of Computing},
  volume    = {9},
  number    = {2},
  year      = {1997},
  pages     = {149-174},
  publisher = {Springer},
  address   = {London, UK},
  issn      = {0934-5043},
}

@inproceedings{parkinson-rely-g,
  author = {Viktor Vafeiadis and Matthew Parkinson},
  title  = {A Marriage of Rely/Guarantee and Separation Logic},
  year   = {2007},
  pages  = {256-271},
  booktitle = {CONCUR '07: 18th International Conference on Concurrency Theory,
               ONCUR 2007, Lisbon, Portugal, September 3-8, 2007, Proceedings},
  location = {Lisbon, Portugal},
  publisher = {Springer},
  series    = {Lecture Notes in Computer Science},
  isbn      = {978-3-540-74406-1},
}

@book{gof,
  title={{Design patterns: elements of reusable object-oriented software}},
  author={Gamma, E. and Helm, R. and Johnson, R. and Vlissides, J.},
  year={1995},
  publisher={Addison-Wesley Longman Publishing Co., Inc. Boston, MA, USA}
}

@inproceedings{iterator,
 author = {Neelakantan R. Krishnaswami},
 title = {Reasoning about iterators with separation logic},
 booktitle = {SAVCBS '06},
 year = {2006},
 isbn = {1-59593-586-X},
 pages = {83--86},
 location = {Portland, Oregon},
 doi = {http://doi.acm.org/10.1145/1181195.1181213},
 publisher = {ACM},
 address = {New York, NY, USA},
}

@MastersThesis{C5,
  title={{An extended library of collection classes for .NET}},
  author={Kokholm, N.J.},
  school={IT University of Copenhagen},
  address = {Copenhagen, Denmark},
  year = {2004}
}



@article{creational-invariants,
  title={{Creational Invariants}},
  author={Pierik, C. and Clarke, D. and de Boer, F.S.},
  journal={Proceedings FTfJP},
  year = {2004}
}


@inproceedings{kab-subject-observer,
  author = {Neelakantan R. Krishnaswami and Lars Birkedal and Jonathan Aldrich},
  title = {Modular Verification of the Subject-Observer Pattern via Higher-Order Separation Logic},
  booktitle = {Proceedings FTfJP},
  year = {2007},
  location = {Berlin, Germany},
}

@book{java,
  title={The Java Language Specification},
  author={James Gosling and Bill Joy and Guy L. Steele},
  year={2000},
  isbn = {0201634511},
  publisher={Addison-Wesley Professional}
}

@inproceedings{fractional-permissions,
  author =      {John Boyland},
  title =       {Checking Interference with Fractional Permissions},
  booktitle =   {Static Analysis: 10th International Symposium},
  editor =      {R. Cousot},
  year =        {2003},
  series =      {Lecture Notes in Computer Science},
  publisher =   {Springer},
  address =     {Berlin, Heidelberg, New York},
  volume =      {2694},
  pages =       {55-72}
}


@inproceedings{courtney-fruit,
  author    = {Antony Courtney},
  title     = {Functionally Modeled User Interfaces},
  booktitle = {DSV-IS},
  year      = {2003},
  pages     = {107-123},
  ee        = {http://springerlink.metapress.com/openurl.asp?genre=article{\&}issn=0302-9743{\&}volume=2844{\&}spage=107},
  crossref  = {DBLP:conf/dsvis/2003},
  bibsource = {DBLP, http://dblp.uni-trier.de}
}

@proceedings{DBLP:conf/dsvis/2003,
  editor    = {Joaquim A. Jorge and
               Nuno Jardim Nunes and
               Jo{\~a}o Falc{\~a}o e Cunha},
  title     = {Interactive Systems. Design, Specification, and Verification,
               10th International Workshop, DSV-IS 2003, Funchal, Madeira
               Island, Portugal, June 11-13, 2003, Revised Papers},
  booktitle = {DSV-IS},
  publisher = {Springer},
  series    = {Lecture Notes in Computer Science},
  volume    = {2844},
  year      = {2003},
  isbn      = {3-540-20159-9},
  bibsource = {DBLP, http://dblp.uni-trier.de}
}

@article{fitch,
  title={{Natural deduction rules for obligation}},
  author={F.B. Fitch},
  journal={American Philosophical Quarterly},
  volume={3},
  pages={27--38},
  year={1966}
}


@inproceedings{sep-logic-algol,
   author= {Lars Birkedal and Noah Torp-Smith and Hongseok Yang},
   title = {Semantics of Separation-logic Typing and Higher-order Frame Rules},
   booktitle= {Proceedings of the 20th Annual IEEE Symposium on Logic in Computer Science},
   year  = {2005},
   type  = {academic},
   pages = {260-269},
   month = {June},
}

@article{impredicative-htt,
  title={{A Realizability Model for Impredicative Hoare Type Theory}},
  author={Petersen, R. and Birkedal, L. and Nanevski, A. and Morrisett, G.},
  journal={Programming Languages and Systems},
  pages={337--352},
  year={2008},
  publisher={Springer}
}



@inproceedings{spec-logic,
 author = {John C. Reynolds},
 title = {An Introduction to Specification Logic},
 booktitle = {Proceedings of the Carnegie Mellon Workshop on Logic of Programs},
 year = {1984},
 isbn = {3-540-12896-4},
 pages = {442},
 publisher = {Springer-Verlag},
 address = {London, UK},
}

@phdthesis{parkinson-thesis,
  author = {Matthew Parkinson},
  title = {Local Reasoning for Java},
  school = {University of Cambridge},
  year = {2005},
  month = {August},
  type = {{PhD} in {Computer Science}}
}



@phdthesis{girard-thesis,
  author = {Jean-Yves Girard},
  title = {Interpr\'{e}tation fonctionelle et \'{e}limination des coupures de l’arithmétique d’ordre sup\'{e}rieur},
  school = {Universit\'{e} Paris VII},
  year = {1972}
}



@article{abstract-htt,
  title={{Abstract predicates and mutable ADTs in Hoare type theory}},
  author={Nanevski, A. and Ahmed, A. and Morrisett, G. and Birkedal, L.},
  journal={European Symposium on Programming (ESOP)},
  year={2007},
  publisher={Springer}
}


@article{smyth-plotkin,
  title={{The category-theoretic solution of recursive domain equations}},
  author={Smyth, M.B. and Plotkin, G.D.},
  journal={SIAM J. Comput.},
  volume={11},
  number={4},
  pages={761--783},
  year={1982},
  publisher={Citeseer}
}


@inproceedings{htt,
 author = {Aleksandar Nanevski and Greg Morrisett and Lars Birkedal},
 title = {Polymorphism and separation in hoare type theory},
 booktitle = {Proceedings ICFP},
 year = {2006},
 isbn = {1-59593-309-3},
 pages = {62--73},
 location = {Portland, Oregon, USA},
 doi = {http://doi.acm.org/10.1145/1159803.1159812},
 publisher = {ACM},
 address = {New York, NY, USA},
}



@phdthesis{jones-thesis,
  author = {C.B. Jones},
  title = {Development Methods for Computer Programs Including a Notion of Interference},
  school = {University of Cambridge},
  year = {1981},
  month = {June},
  type = {{PhD} in {Computer Science}}
}

@inproceedings{apl,
    author = "Gordon Plotkin and Mart\'{\i}n Abadi",
    title = "A logic for parametric polymorphism",
    booktitle = "International Conference on Typed Lambda Calculi and Applications",
    number = "664",
    publisher = "Springer-Verlag",
    address = "Utrecht, The Netherlands",
    editor = "M. Bezem and J. F. Groote",
    pages = "361--375",
    year = "1993",
    url = "citeseer.ist.psu.edu/article/plotkin93logic.html" 
}

@inproceedings{free-theorems,
    author = "Philip Wadler",
    title = "Theorems for Free!",
    booktitle = "Proceedings 4th Int.\ Conf.\ on Funct.\ Prog.\ Languages and Computer Arch., {FPCA}'89, London, {UK}, 11--13 Sept 1989",
    publisher = "ACM Press",
    address = "New York",
    pages = "347--359",
    year = "1989",
    url = "citeseer.ist.psu.edu/wadler89theorems.html" 
}



@article{hennessey-milner,
  title={{Algebraic laws for nondeterminism and concurrency}},
  author={Hennessy, M. and Milner, R.},
  journal={Journal of the ACM (JACM)},
  volume={32},
  number={1},
  pages={137--161},
  year={1985},
  publisher={ACM Press New York, NY, USA}
}
 
@article{yoshida-honda-berger,
 author = {Martin Berger and Kohei Honda and Nobuko Yoshida},
 title = {A logical analysis of aliasing in imperative higher-order functions},
 journal = {SIGPLAN Not.},
 volume = {40},
 number = {9},
 year = {2005},
 issn = {0362-1340},
 pages = {280--293},
 doi = {http://doi.acm.org/10.1145/1090189.1086401},
 publisher = {ACM},
 address = {New York, NY, USA},
}

@inproceedings{reus-streicher,
  author    = {Bernhard Reus and
               Thomas Streicher},
  title     = {About Hoare Logics for Higher-Order Store},
  booktitle = {ICALP},
  year      = {2005},
  pages     = {1337-1348},
  ee        = {http://dx.doi.org/10.1007/11523468_108},
  crossref  = {DBLP:conf/icalp/2005},
  bibsource = {DBLP, http://dblp.uni-trier.de}
}

@proceedings{DBLP:conf/icalp/2005,
  editor    = {Lu\'{\i}s Caires and
               Giuseppe F. Italiano and
               Lu\'{\i}s Monteiro and
               Catuscia Palamidessi and
               Moti Yung},
  title     = {Automata, Languages and Programming, 32nd International
               Colloquium, ICALP 2005, Lisbon, Portugal, July 11-15, 2005,
               Proceedings},
  booktitle = {ICALP},
  publisher = {Springer},
  series    = {Lecture Notes in Computer Science},
  volume    = {3580},
  year      = {2005},
  isbn      = {3-540-27580-0},
  bibsource = {DBLP, http://dblp.uni-trier.de}
}


@inproceedings{reus-schwinghammer,
  author    = {Bernhard Reus and
               Jan Schwinghammer},
  title     = {Separation Logic for Higher-Order Store},
  booktitle = {CSL},
  year      = {2006},
  pages     = {575-590},
  ee        = {http://dx.doi.org/10.1007/11874683_38},
  crossref  = {DBLP:conf/csl/2006},
  bibsource = {DBLP, http://dblp.uni-trier.de}
}

@proceedings{DBLP:conf/csl/2006,
  editor    = {Zolt{\'a}n {\'E}sik},
  title     = {Computer Science Logic, 20th International Workshop, CSL
               2006, 15th Annual Conference of the EACSL, Szeged, Hungary,
               September 25-29, 2006, Proceedings},
  booktitle = {CSL},
  publisher = {Springer},
  series    = {Lecture Notes in Computer Science},
  volume    = {4207},
  year      = {2006},
  isbn      = {3-540-45458-6},
  bibsource = {DBLP, http://dblp.uni-trier.de}
}

@inproceedings{bierhoff-aldrich,
    author = "Kevin Bierhoff and Jonathan Aldrich",
    title = "Lightweight Object Specification with Typestates",
    booktitle = "Proceedings of the Joint 10th European Software Engineering Conference (ESEC) and the 13th ACM SIGSOFT Symposium on the Foundations of Software Engineering (FSE-13)",
    pages = {217--226},
    month = sep,
    year = 2005,
    url = {citeseer.ist.psu.edu/bierhoff05lightweight.html} }

@misc{object-typestates,
  author = "R. DeLine and M. Fahndrich",
  title = "Typestates for objects",
  text = "Robert DeLine and Manuel Fahndrich. Typestates for objects. In 18th ECOOP,
    2004.",
  year = "2004",
  url = "citeseer.ist.psu.edu/deline04typestates.html" }

@inproceedings{DBLP:conf/fossacs/BirkedalY07,
  author    = {Lars Birkedal and
               Hongseok Yang},
  title     = {Relational Parametricity and Separation Logic},
  booktitle = {FoSSaCS},
  year      = {2007},
  pages     = {93-107},
  ee        = {http://dx.doi.org/10.1007/978-3-540-71389-0_8},
  crossref  = {DBLP:conf/fossacs/2007},
  bibsource = {DBLP, http://dblp.uni-trier.de}
}

@proceedings{DBLP:conf/fossacs/2007,
  editor    = {Helmut Seidl},
  title     = {Foundations of Software Science and Computational Structures,
               10th International Conference, FOSSACS 2007, Held as Part
               of the Joint European Conferences on Theory and Practice
               of Software, ETAPS 2007, Braga, Portugal, March 24-April
               1, 2007, Proceedings},
  booktitle = {FoSSaCS},
  publisher = {Springer},
  series    = {Lecture Notes in Computer Science},
  volume    = {4423},
  year      = {2007},
  isbn      = {978-3-540-71388-3},
  bibsource = {DBLP, http://dblp.uni-trier.de}
}

@InProceedings{nanevski06separation,
  author = 	 {Aleksandar Nanevski and Greg Morrisett and Lars Birkedal},
  title = 	 {Polymorphism and Separation in {H}oare {T}ype {T}heory},
  booktitle = {In Proceedings of International Conference on Functional Programming'06},
  pages = 	 {62--73},
  year = 	 {2006},
  address = 	 {Portland, Oregon}
}

@InProceedings{nanevski07esop,
  author = 	 {Aleksandar Nanevski and Amal Ahmed and Greg Morrisett and Lars Birkedal},
  title = 	 {{A}bstract {P}redicates and {M}utable {ADT}s in {H}oare {T}ype {T}heory},
  booktitle = {In Proceedings of European Symposium on Programming'07},
  pages = 	 {189--204},
  year = 	 {2007},
  volume = 	 {4421},
  series = 	 {Lecture Notes in Computer Science},
  publisher =    {Springer}
}
@InProceedings{petersen08,
  author =       {Rasmus Lerchedahl Petersen and Lars Birkedal and Aleksandar Nanevski and Greg Morrisett},
  title =        {A Realizability Model for Impredicative {H}oare {T}ype {T}heory},
  booktitle =    {In Proceedings of European Symposium on Programming'08},
  year =         {2008}
}

@InProceedings{nanevski08,
  author =       {Aleksandar Nanevski and Greg Morrisett and Avi Shinnar and Paul Govereau and Lars Birkedal},
  title =        {Ynot: Reasoning with the Awkward Squad},
  booktitle =    {In Proceedings of International Conference on Functional Programming'08},
  year =         {2008}
}

@TechReport{svendsen08,
  author = 	 {Kasper Svendsen and Alexandre Buisse and Lars Birkedal},
  title = 	 {Verifying design patterns in {H}oare {T}ype {T}heory},
  institution =  {IT University of Copenhagen},
  year = 	 {2008},
  OPTkey = 	 {},
  OPTtype = 	 {},
  number = 	 {ITU-TR-2008-112},
  OPTaddress = 	 {},
  month =	 {sep},
  OPTnote = 	 {},
  OPTannote = 	 {}
}


@inproceedings{sep-logic,
  author = {John C. Reynolds},
  title     = {Separation Logic: A Logic for Shared Mutable Data Structures},
  year      = {2002},
  pages     = {55-74},
  booktitle = {Logic in Computer Science (LICS 2002)},
  location  = {Copenhagen, Denmark},
  publisher = {IEEE Computer Society},
  isbn      = {0-7695-1483-9}
}

@article{parkinson-iwaco-07,
  title={{Class invariants: The end of the road}},
  author={Parkinson, M.},
  journal={Proceedings IWACO},
  year={2007}
}


@inproceedings{history-invariants,
  author    = {K. Rustan M. Leino and
               Wolfram Schulte},
  title     = {Using History Invariants to Verify Observers},
  booktitle = {ESOP},
  year      = {2007},
  pages     = {80-94},
  crossref  = {DBLP:conf/esop/2007},
  bibsource = {DBLP, http://dblp.uni-trier.de}
}

@proceedings{DBLP:conf/esop/2007,
  editor    = {Rocco De Nicola},
  title     = {Programming Languages and Systems, 16th European Symposium
               on Programming, ESOP 2007, Held as Part of the Joint European
               Conferences on Theory and Practics of Software, ETAPS 2007,
               Braga, Portugal, March 24 - April 1, 2007, Proceedings},
  booktitle = {ESOP},
  publisher = {Springer},
  series    = {LNCS},
  volume    = {4421},
  year      = {2007},
  isbn      = {978-3-540-71314-2},
  bibsource = {DBLP, http://dblp.uni-trier.de}

}

@conference{tldi09,
  title={{Design patterns in separation logic}},
  author={Krishnaswami, N. and Aldrich, J. and Birkedal, L. and Svendsen, K. and Buisse, A.},
  booktitle={Proceedings of TLDI'09},
  pages={105--116},
  year={2009},
  organization={ACM New York, NY, USA}
}

@conference{ftfjp07,
  title={{Modular verification of the subject-observer pattern via higher-order separation logic}},
  author={Krishnaswami, N. and Aldrich, J. and Birkedal, L.},
  booktitle={Proceedings of FTfJP: Formal Techniques for Java-like Programs},
  year={2007}
}


@conference{frp,
  title={{Functional reactive animation}},
  author={Elliott, C. and Hudak, P.},
  booktitle={Proceedings of ICFP'97},
  pages={263--273},
  year={1997},
  organization={ACM New York, NY, USA}
}

@inproceedings{afrp,
  author    = {Paul Hudak and
               Antony Courtney and
               Henrik Nilsson and
               John Peterson},
  title     = {Arrows, Robots, and Functional Reactive Programming},
  booktitle = {Advanced Functional Programming},
  year      = {2002},
  pages     = {159-187},
  ee        = {http://springerlink.metapress.com/openurl.asp?genre=article{\&}issn=0302-9743{\&}volume=2638{\&}spage=159},
  crossref  = {DBLP:conf/afp/2002},
  bibsource = {DBLP, http://dblp.uni-trier.de}
}

@proceedings{DBLP:conf/afp/2002,
  editor    = {Johan Jeuring and
               Simon L. Peyton Jones},
  title     = {Advanced Functional Programming, 4th International School,
               AFP 2002, Oxford, UK, August 19-24, 2002, Revised Lectures},
  booktitle = {Advanced Functional Programming},
  publisher = {Springer},
  series    = {LNCS},
  volume    = {2638},
  year      = {2003},
  isbn      = {3-540-40132-6},
  bibsource = {DBLP, http://dblp.uni-trier.de}
}




@inproceedings{frtime,
  author    = {Gregory H. Cooper and
               Shriram Krishnamurthi},
  title     = {Embedding Dynamic Dataflow in a Call-by-Value Language},
  booktitle = {ESOP},
  year      = {2006},
  pages     = {294-308},
  crossref  = {DBLP:conf/esop/2006},
  bibsource = {DBLP, http://dblp.uni-trier.de}
}

@proceedings{DBLP:conf/esop/2006,
  editor    = {Peter Sestoft},
  title     = {Programming Languages and Systems, 15th European Symposium
               on Programming, ESOP 2006, Held as Part of the Joint European
               Conferences on Theory and Practice of Software, ETAPS 2006,
               Vienna, Austria, March 27-28, 2006, Proceedings},
  booktitle = {ESOP},
  publisher = {Springer},
  series    = {LNCS},
  volume    = {3924},
  year      = {2006},
  isbn      = {3-540-33095-X},
  bibsource = {DBLP, http://dblp.uni-trier.de}
}



@inproceedings{superglue,
  author    = {Sean McDirmid and
               Wilson C. Hsieh},
  title     = {SuperGlue: Component Programming with Object-Oriented Signals},
  booktitle = {ECOOP},
  year      = {2006},
  pages     = {206-229},
  crossref  = {DBLP:conf/ecoop/2006},
  bibsource = {DBLP, http://dblp.uni-trier.de}
}

@proceedings{DBLP:conf/ecoop/2006,
  editor    = {Dave Thomas},
  title     = {ECOOP 2006 - Object-Oriented Programming, 20th European
               Conference, Nantes, France, July 3-7, 2006, Proceedings},
  booktitle = {ECOOP},
  publisher = {Springer},
  series    = {LNCS},
  volume    = {4067},
  year      = {2006},
  isbn      = {3-540-35726-2},
  bibsource = {DBLP, http://dblp.uni-trier.de}
}

@inproceedings{birkedal-impred,
  author    = {Lars Birkedal and
               Kristian St{\o}vring and
               Jacob Thamsborg},
  title     = {Realizability Semantics of Parametric Polymorphism, General
               References, and Recursive Types},
  booktitle = {FOSSACS},
  year      = {2009},
  pages     = {456-470},
  crossref  = {DBLP:conf/fossacs/2009},
  bibsource = {DBLP, http://dblp.uni-trier.de}
}

@proceedings{DBLP:conf/fossacs/2009,
  editor    = {Luca de Alfaro},
  title     = {Foundations of Software Science and Computational Structures,
               12th International Conference, FOSSACS 2009, Held as Part
               of the Joint European Conferences on Theory and Practice
               of Software, ETAPS 2009, York, UK, March 22-29, 2009. Proceedings},
  booktitle = {FOSSACS},
  publisher = {Springer},
  series    = {LNCS},
  volume    = {5504},
  year      = {2009},
  isbn      = {978-3-642-00595-4},
  bibsource = {DBLP, http://dblp.uni-trier.de}
}

@inproceedings{benton,
  author    = {Nick Benton},
  title     = {Abstracting Allocation},
  booktitle = {CSL},
  year      = {2006},
  pages     = {182-196},
  crossref  = {DBLP:conf/csl/2006},
  bibsource = {DBLP, http://dblp.uni-trier.de}
}

@proceedings{DBLP:conf/csl/2006,
  editor    = {Zolt{\'a}n {\'E}sik},
  title     = {Computer Science Logic, 20th International Workshop, CSL
               2006, 15th Annual Conference of the EACSL, Szeged, Hungary,
               September 25-29, 2006, Proceedings},
  booktitle = {CSL},
  publisher = {Springer},
  series    = {LNCS},
  volume    = {4207},
  year      = {2006},
  isbn      = {3-540-45458-6},
  bibsource = {DBLP, http://dblp.uni-trier.de}
}

@inproceedings{birkedal-yang,
  author    = {Lars Birkedal and
               Hongseok Yang},
  title     = {Relational Parametricity and Separation Logic},
  booktitle = {FoSSaCS},
  year      = {2007},
  pages     = {93-107},
  crossref  = {DBLP:conf/fossacs/2007},
  bibsource = {DBLP, http://dblp.uni-trier.de}
}

@proceedings{DBLP:conf/fossacs/2007,
  editor    = {Helmut Seidl},
  title     = {Foundations of Software Science and Computational Structures,
               10th International Conference, FOSSACS 2007, Held as Part
               of the Joint European Conferences on Theory and Practice
               of Software, ETAPS 2007, Braga, Portugal, March 24-April
               1, 2007, Proceedings},
  booktitle = {FoSSaCS},
  publisher = {Springer},
  series    = {LNCS},
  volume    = {4423},
  year      = {2007},
  isbn      = {978-3-540-71388-3},
  bibsource = {DBLP, http://dblp.uni-trier.de}
}

@article{self-adjusting,
  title={{Adaptive functional programming}},
  author={Acar, U.A. and Blelloch, G.E. and Harper, R.},
  journal={ACM Transactions on Programming Languages and Systems (TOPLAS)},
  volume={28},
  number={6},
  pages={990--1034},
  year={2006},
  publisher={ACM New York, NY, USA}
}

@article{rely-guarantee-jones,
  author = {Jones, Cliff B.},
  title = {Tentative steps toward a development method for interfering programs},
  journal = {ACM  Transactions on Programming Languages and Systems (TOPLAS)},
  year = {1983},
  pages = {596--619},
  volume = {5},
  number = {4},
  publisher = {ACM New York, NY, USA}
}

@InCollection{mccarthy,
  author = "John McCarthy and Patrick J. Hayes",
  title = "Some Philosophical Problems from the Standpoint of Artificial Intelligence",
  booktitle = "Machine Intelligence 4",
  editor = "B. Meltzer and D. Michie",
  pages = "463--502",
  publisher = "Edinburgh University Press",
  year = "1969"
}

@phdthesis{finger,
 author = {Finger, J. J.},
 title = {Exploiting constraints in design synthesis},
 year = {1987},
 order_no = {UMI Order No. GAX87-20386},
 school = {Stanford University},
 address = {Stanford, CA, USA},
}

@phdthesis{tech-report,
 author = {Krishnaswami, Neelakantan R.},
 title = {Verifying Higher-Order Programming Languages with Higher-Order Separation Logic},
 year = {2009},
 school = {forthcoming. Carnegie Mellon University},
 address = {Pittsburgh, PA, USA},
}


@inproceedings{parkinson-bierman,
  author    = {Matthew J. Parkinson and
               Gavin M. Bierman},
  title     = {Separation logic, abstraction and inheritance},
  booktitle = {POPL},
  year      = {2008},
  pages     = {75-86},
  crossref  = {DBLP:conf/popl/2008},
  bibsource = {DBLP, http://dblp.uni-trier.de}
}

@proceedings{DBLP:conf/popl/2008,
  editor    = {George C. Necula and
               Philip Wadler},
  title     = {Proceedings of the 35th ACM SIGPLAN-SIGACT Symposium on
               Principles of Programming Languages, POPL 2008, San Francisco,
               California, USA, January 7-12, 2008},
  booktitle = {POPL},
  publisher = {ACM},
  year      = {2008},
  isbn      = {978-1-59593-689-9},
  bibsource = {DBLP, http://dblp.uni-trier.de}
}

@book{bird-wadler,
  title={{An introduction to functional programming}},
  author={Bird, R. and Wadler, P.},
  year={1988},
  publisher={Prentice Hall International (UK) Ltd. Hertfordshire, UK, UK}
}

@inproceedings{carlsson,
  author    = {Magnus Carlsson},
  title     = {Monads for incremental computing},
  booktitle = {ICFP},
  year      = {2002},
  pages     = {26-35},
  bibsource = {DBLP, http://dblp.uni-trier.de}
}


@inproceedings{shaner-leavens-naumann,
  author    = {Steve M. Shaner and Gary T. Leavens and David A. Naumann},
  title     = {Modular verification of higher-order methods with mandatory
               calls specified by model programs},
  booktitle = {OOPSLA},
  year      = {2007},
  pages     = {351-368},
}

@conference{nested-hoare-triples,
  title={{Nested Hoare triples and frame rules for higher-order store}},
  author={Schwinghammer, J. and Birkedal, L. and Reus, B. and Yang, H.},
  booktitle={Computer Science Logic},
  pages={440--454},
  year={2009},
  organization={Springer}
}

@article{banerjee-naumann-rep,
  title={{Representation independence, confinement and access control [extended abstract]}},
  author={Banerjee, A. and Naumann, D.A.},
  journal={ACM SIGPLAN Notices},
  volume={37},
  number={1},
  pages={166--177},
  issn={0362-1340},
  year={2002},
  publisher={ACM}
}

@article{tt-closure,
  title={{Semantic types: A fresh look at the ideal model for types}},
  author={Vouillon, J. and Melli{\`e}s, P.A.},
  journal={ACM SIGPLAN Notices},
  volume={39},
  number={1},
  pages={52--63},
  issn={0362-1340},
  year={2004},
  publisher={ACM}
}


@article{behavioral-subtyping,
  title={{A behavioral notion of subtyping}},
  author={Liskov, B.H. and Wing, J.M.},
  journal={ACM Transactions on Programming Languages and Systems (TOPLAS)},
  volume={16},
  number={6},
  pages={1811--1841},
  issn={0164-0925},
  year={1994},
  publisher={ACM}
}


@article{lcf,
  title={{Implementation and applications of Scott's logic for computable functions}},
  author={Milner, R.},
  journal={ACM sigplan notices},
  volume={7},
  number={1},
  pages={1--6},
  issn={0362-1340},
  year={1972},
  publisher={ACM}
}


@inproceedings{banerjee-naumann-regions,
  author    = {Anindya Banerjee and David A. Naumann and Stan Rosenberg},
  title     = {Regional Logic for Local Reasoning about Global Invariants},
  booktitle = {ECOOP},
  year      = {2008},
  pages     = {387-411},
}

@inproceedings{barnett-naumann,
  author = {Mike Barnett and David A. Naumann},
  title  = {Friends Need a Little Bit More: Maintaining Invariants Over Shared State},
  year   = {2004},
  booktitle = {MPC},
  pages = {54-64},
}

@Article{BirkedalL:semslt-journal,
  author = 	 {L. Birkedal and N. Torp-Smith and H. Yang},
  title = 	 {Semantics of Separation-logic Typing and Higher-order Frame Rules for Algol-like Langauges},
  journal = 	 {Logical Methods in Computer Science},
  year = 	 2006,
  volume =	 2,
  number =	 {5:1},
  pages =	 {1--33}
}
@InProceedings{birkedal-torpsmith-yang-lics05,
  author = 	 {L. Birkedal and N. Torp-Smith and H. Yang},
  title = 	 {Semantics of Separation-logic Typing and
                  Higher-order Frame Rules},
  booktitle =    {Proc. of LICS'05},
  year = 	 {2005},
  pages =        {260-269}
}



@article{tarjan-union-find-bound,
  author    = {Robert Endre Tarjan},
  title     = {Efficiency of a Good But Not Linear Set Union Algorithm},
  journal   = {Journal of the ACM},
  volume    = {22},
  number    = {2},
  year      = {1975},
  pages     = {215-225},
  ee        = {db/journals/jacm/Tarjan75.html, http://doi.acm.org/10.1145/321879.321884},
  bibsource = {DBLP, http://dblp.uni-trier.de}
}

@phdthesis{huet-unification,
 author = {G\'{e}rard Huet},
 title = {Resolution d'equations dans les langages d'ordre 1, 2, {$\ldots, \omega$}},
 year = {1976},
 school = {Univ. de Paris VII},
 address = {Paris, France},
}


@article{galler-fischer-union-find,
  author    = {Bernard A. Galler and
               Michael J. Fischer},
  title     = {An improved equivalence algorithm},
  journal   = {Commun. ACM},
  volume    = {7},
  number    = {5},
  year      = {1964},
  pages     = {301-303},
  ee        = {http://doi.acm.org/10.1145/364099.364331},
  bibsource = {DBLP, http://dblp.uni-trier.de}
}

@article{union-find,
 author = {Galil, Zvi and Italiano, Giuseppe F.},
 title = {Data structures and algorithms for disjoint set union problems},
 journal = {ACM Computing Surveys},
 volume = {23},
 number = {3},
 year = {1991},
 issn = {0360-0300},
 pages = {319--344},
 doi = {http://doi.acm.org/10.1145/116873.116878},
 publisher = {ACM},
 address = {New York, NY, USA},
}

@inproceedings{parkinson-septraction,
  author    = {Viktor Vafeiadis and
               Matthew J. Parkinson},
  title     = {A Marriage of Rely/Guarantee and Separation Logic},
  booktitle = {CONCUR},
  year      = {2007},
  pages     = {256-271},
  ee        = {http://dx.doi.org/10.1007/978-3-540-74407-8_18},
  crossref  = {DBLP:conf/concur/2007},
  bibsource = {DBLP, http://dblp.uni-trier.de}
}

@proceedings{DBLP:conf/concur/2007,
  editor    = {Lu\'{\i}s Caires and
               Vasco Thudichum Vasconcelos},
  title     = {CONCUR 2007 - Concurrency Theory, 18th International Conference,
               CONCUR 2007, Lisbon, Portugal, September 3-8, 2007, Proceedings},
  booktitle = {CONCUR},
  publisher = {Springer},
  series    = {Lecture Notes in Computer Science},
  volume    = {4703},
  year      = {2007},
  isbn      = {978-3-540-74406-1},
  bibsource = {DBLP, http://dblp.uni-trier.de}
}

@article{congruence-closure,
title = "Fast congruence closure and extensions",
journal = "Information and Computation",
volume = "205",
number = "4",
pages = "557 - 580",
year = "2007",
note = "Special Issue: 16th International Conference on Rewriting Techniques and Applications",
issn = "0890-5401",
doi = "DOI: 10.1016/j.ic.2006.08.009",
author = "Robert Nieuwenhuis and Albert Oliveras",
keywords = "Decision procedures",
keywords = "Congruence closure",
keywords = "Equational reasoning",
keywords = "Verification"
}