@article{coiterative,
  author    = {Paul Caspi and
               Marc Pouzet},
  title     = {A Co-iterative Characterization of Synchronous Stream Functions},
  journal   = {Electr. Notes Theor. Comput. Sci.},
  volume    = {11},
  year      = {1998},
  ee        = {http://www.elsevier.com/gej-ng/31/29/23/36/23/show/Products/notes/index.htt\#002},
  bibsource = {DBLP, http://dblp.uni-trier.de}
}

@conference{esterel,
  title={{The ESTEREL synchronous programming language and its mathematical semantics}},
  author={Berry, G. and Cosserat, L.},
  booktitle={Seminar on Concurrency},
  pages={389--448},
  year={1985},
  organization={Springer}
}

@inproceedings{essence-dataflow,
  author    = {Tarmo Uustalu and
               Varmo Vene},
  title     = {The Essence of Dataflow Programming},
  booktitle = {CEFP},
  year      = {2005},
  pages     = {135-167},
  ee        = {http://dx.doi.org/10.1007/11894100_5},
  crossref  = {DBLP:conf/cefp/2005},
  bibsource = {DBLP, http://dblp.uni-trier.de}
}

@proceedings{DBLP:conf/cefp/2005,
  editor    = {Zolt{\'a}n Horv{\'a}th},
  title     = {Central European Functional Programming School, First Summer
               School, CEFP 2005, Budapest, Hungary, July 4-15, 2005, Revised
               Selected Lectures},
  booktitle = {CEFP},
  publisher = {Springer},
  series    = {Lecture Notes in Computer Science},
  volume    = {4164},
  year      = {2006},
  isbn      = {3-540-46843-9},
  bibsource = {DBLP, http://dblp.uni-trier.de}
}

@inproceedings{fran,
  author    = {Conal Elliott and
               Paul Hudak},
  title     = {Functional Reactive Animation},
  booktitle = {ICFP},
  year      = {1997},
  pages     = {263-273},
  ee        = {http://doi.acm.org/10.1145/258948.258973},
  bibsource = {DBLP, http://dblp.uni-trier.de}
}

@inproceedings{frp-first-principles,
  author    = {Zhanyong Wan and
               Paul Hudak},
  title     = {Functional reactive programming from first principles},
  booktitle = {PLDI},
  year      = {2000},
  pages     = {242-252},
  ee        = {http://doi.acm.org/10.1145/349299.349331},
  bibsource = {DBLP, http://dblp.uni-trier.de}
}

@inproceedings{concurrency-semantics,
  author    = {J. W. de Bakker and
               Jeffery I. Zucker},
  title     = {Denotational Semantics of Concurrency},
  booktitle = {STOC},
  year      = {1982},
  pages     = {153-158},
  crossref  = {DBLP:conf/stoc/STOC14},
  bibsource = {DBLP, http://dblp.uni-trier.de}
}

@proceedings{DBLP:conf/stoc/STOC14,
  title     = {Proceedings of the Fourteenth Annual ACM Symposium on Theory
               of Computing, 5-7 May 1982, San Francisco, California, USA},
  booktitle = {STOC},
  publisher = {ACM},
  year      = {1982},
  bibsource = {DBLP, http://dblp.uni-trier.de}
}

@inproceedings{metric-dataflow,
  author    = {J. W. de Bakker and
               Joost N. Kok},
  title     = {Towards a Uniform Topological Treatment of Streams and Functions
               on Streams},
  booktitle = {ICALP},
  year      = {1985},
  pages     = {140-148},
  ee        = {http://dx.doi.org/10.1007/BFb0015739},
  crossref  = {DBLP:conf/icalp/1985},
  bibsource = {DBLP, http://dblp.uni-trier.de}
}

@proceedings{DBLP:conf/icalp/1985,
  editor    = {Wilfried Brauer},
  title     = {Automata, Languages and Programming, 12th Colloquium, Nafplion,
               Greece, July 15-19, 1985, Proceedings},
  booktitle = {ICALP},
  publisher = {Springer},
  series    = {Lecture Notes in Computer Science},
  volume    = {194},
  year      = {1985},
  isbn      = {3-540-15650-X},
  bibsource = {DBLP, http://dblp.uni-trier.de}
}

@TECHREPORT{birkedal-ultrametrics,
  author = {Lars Birkedal and Kristian St{\o}vring and Jacob
                 Thamsborg},
  title = {The category-theoretic solution of recursive
                 metric-space quations},
  institution = {IT University of Copenhagen},
  year = {2009},
  number = {ITU-2009-119},
  url = {http://www.itu.dk/~birkedal/papers/ITU-TR-2009-119.pdf}
}


@Unpublished{escardo-metric,
  author = 	 {M.H. Escard\'o},
  title = 	 {A metric model of {PCF}},
  note =         {Laboratory for Foundations of Computer Science,
                  University of Edinburgh. 
                  Presented at the 
                  Workshop on Realizability Semantics and Applications, 
                  June 30-July 1, 1999 (associated to the Federated
                  Logic Conference, held in Trento, June 29-July 12, 1999)},
  month =	 {April},
  year =	 {1998},
}

@article{appel-mcallester,
  author    = {Andrew W. Appel and
               David A. McAllester},
  title     = {An indexed model of recursive types for foundational proof-carrying
               code},
  journal   = {ACM Trans. Program. Lang. Syst.},
  volume    = {23},
  number    = {5},
  year      = {2001},
  pages     = {657-683},
  ee        = {http://doi.acm.org/10.1145/504709.504712},
  bibsource = {DBLP, http://dblp.uni-trier.de}
}

@inproceedings{benton-wadler,
  author    = {P. N. Benton and
               Philip Wadler},
  title     = {Linear Logic, Monads and the Lambda Calculus},
  booktitle = {LICS},
  year      = {1996},
  pages     = {420-431},
  bibsource = {DBLP, http://dblp.uni-trier.de}
}

@manual{synchrone,
  author = {Marc Pouzet},
  title = {{Lucid Synchrone}, version 3.
                  {Tutorial and reference manual}},
  organization = {Universit\'e Paris-Sud, LRI},
  month = {April},
  year = 2006,
  note = {Distribution available at: 
                  {\tt www.lri.fr/$\sim$pouzet/lucid-synchrone}}
}
